%YAML 1.1
%TAG !u! tag:unity3d.com,2011:
--- !u!29 &1
OcclusionCullingSettings:
  m_ObjectHideFlags: 0
  serializedVersion: 2
  m_OcclusionBakeSettings:
    smallestOccluder: 5
    smallestHole: 0.25
    backfaceThreshold: 100
  m_SceneGUID: 00000000000000000000000000000000
  m_OcclusionCullingData: {fileID: 0}
--- !u!104 &2
RenderSettings:
  m_ObjectHideFlags: 0
  serializedVersion: 9
  m_Fog: 0
  m_FogColor: {r: 0.5, g: 0.5, b: 0.5, a: 1}
  m_FogMode: 3
  m_FogDensity: 0.01
  m_LinearFogStart: 0
  m_LinearFogEnd: 300
  m_AmbientSkyColor: {r: 0.212, g: 0.227, b: 0.259, a: 1}
  m_AmbientEquatorColor: {r: 0.114, g: 0.125, b: 0.133, a: 1}
  m_AmbientGroundColor: {r: 0.047, g: 0.043, b: 0.035, a: 1}
  m_AmbientIntensity: 1
  m_AmbientMode: 0
  m_SubtractiveShadowColor: {r: 0.42, g: 0.478, b: 0.627, a: 1}
  m_SkyboxMaterial: {fileID: 10304, guid: 0000000000000000f000000000000000, type: 0}
  m_HaloStrength: 0.5
  m_FlareStrength: 1
  m_FlareFadeSpeed: 3
  m_HaloTexture: {fileID: 0}
  m_SpotCookie: {fileID: 10001, guid: 0000000000000000e000000000000000, type: 0}
  m_DefaultReflectionMode: 0
  m_DefaultReflectionResolution: 128
  m_ReflectionBounces: 1
  m_ReflectionIntensity: 1
  m_CustomReflection: {fileID: 0}
  m_Sun: {fileID: 0}
  m_IndirectSpecularColor: {r: 0.18028334, g: 0.2257134, b: 0.30692226, a: 1}
  m_UseRadianceAmbientProbe: 0
--- !u!157 &3
LightmapSettings:
  m_ObjectHideFlags: 0
  serializedVersion: 12
  m_GIWorkflowMode: 1
  m_GISettings:
    serializedVersion: 2
    m_BounceScale: 1
    m_IndirectOutputScale: 1
    m_AlbedoBoost: 1
    m_EnvironmentLightingMode: 0
    m_EnableBakedLightmaps: 1
    m_EnableRealtimeLightmaps: 0
  m_LightmapEditorSettings:
    serializedVersion: 12
    m_Resolution: 2
    m_BakeResolution: 40
    m_AtlasSize: 1024
    m_AO: 0
    m_AOMaxDistance: 1
    m_CompAOExponent: 1
    m_CompAOExponentDirect: 0
    m_ExtractAmbientOcclusion: 0
    m_Padding: 2
    m_LightmapParameters: {fileID: 0}
    m_LightmapsBakeMode: 1
    m_TextureCompression: 1
    m_FinalGather: 0
    m_FinalGatherFiltering: 1
    m_FinalGatherRayCount: 256
    m_ReflectionCompression: 2
    m_MixedBakeMode: 2
    m_BakeBackend: 1
    m_PVRSampling: 1
    m_PVRDirectSampleCount: 32
    m_PVRSampleCount: 512
    m_PVRBounces: 2
    m_PVREnvironmentSampleCount: 256
    m_PVREnvironmentReferencePointCount: 2048
    m_PVRFilteringMode: 1
    m_PVRDenoiserTypeDirect: 1
    m_PVRDenoiserTypeIndirect: 1
    m_PVRDenoiserTypeAO: 1
    m_PVRFilterTypeDirect: 0
    m_PVRFilterTypeIndirect: 0
    m_PVRFilterTypeAO: 0
    m_PVREnvironmentMIS: 1
    m_PVRCulling: 1
    m_PVRFilteringGaussRadiusDirect: 1
    m_PVRFilteringGaussRadiusIndirect: 5
    m_PVRFilteringGaussRadiusAO: 2
    m_PVRFilteringAtrousPositionSigmaDirect: 0.5
    m_PVRFilteringAtrousPositionSigmaIndirect: 2
    m_PVRFilteringAtrousPositionSigmaAO: 1
    m_ExportTrainingData: 0
    m_TrainingDataDestination: TrainingData
    m_LightProbeSampleCountMultiplier: 4
  m_LightingDataAsset: {fileID: 0}
  m_LightingSettings: {fileID: 0}
--- !u!196 &4
NavMeshSettings:
  serializedVersion: 2
  m_ObjectHideFlags: 0
  m_BuildSettings:
    serializedVersion: 2
    agentTypeID: 0
    agentRadius: 0.5
    agentHeight: 2
    agentSlope: 45
    agentClimb: 0.4
    ledgeDropHeight: 0
    maxJumpAcrossDistance: 0
    minRegionArea: 2
    manualCellSize: 0
    cellSize: 0.16666667
    manualTileSize: 0
    tileSize: 256
    accuratePlacement: 0
    maxJobWorkers: 0
    preserveTilesOutsideBounds: 0
    debug:
      m_Flags: 0
  m_NavMeshData: {fileID: 0}
--- !u!1 &39644543
GameObject:
  m_ObjectHideFlags: 0
  m_CorrespondingSourceObject: {fileID: 0}
  m_PrefabInstance: {fileID: 0}
  m_PrefabAsset: {fileID: 0}
  serializedVersion: 6
  m_Component:
  - component: {fileID: 39644546}
  - component: {fileID: 39644545}
  - component: {fileID: 39644544}
  - component: {fileID: 39644549}
  - component: {fileID: 39644548}
  - component: {fileID: 39644547}
  m_Layer: 0
  m_Name: Main Camera
  m_TagString: MainCamera
  m_Icon: {fileID: 0}
  m_NavMeshLayer: 0
  m_StaticEditorFlags: 0
  m_IsActive: 1
--- !u!81 &39644544
AudioListener:
  m_ObjectHideFlags: 0
  m_CorrespondingSourceObject: {fileID: 0}
  m_PrefabInstance: {fileID: 0}
  m_PrefabAsset: {fileID: 0}
  m_GameObject: {fileID: 39644543}
  m_Enabled: 1
--- !u!20 &39644545
Camera:
  m_ObjectHideFlags: 0
  m_CorrespondingSourceObject: {fileID: 0}
  m_PrefabInstance: {fileID: 0}
  m_PrefabAsset: {fileID: 0}
  m_GameObject: {fileID: 39644543}
  m_Enabled: 1
  serializedVersion: 2
  m_ClearFlags: 1
  m_BackGroundColor: {r: 0, g: 0, b: 0, a: 1}
  m_projectionMatrixMode: 1
  m_GateFitMode: 2
  m_FOVAxisMode: 0
  m_SensorSize: {x: 36, y: 24}
  m_LensShift: {x: 0, y: 0}
  m_FocalLength: 50
  m_NormalizedViewPortRect:
    serializedVersion: 2
    x: 0
    y: 0
    width: 1
    height: 1
  near clip plane: 0.1
  far clip plane: 1000
  field of view: 61
  orthographic: 0
  orthographic size: 5
  m_Depth: -1
  m_CullingMask:
    serializedVersion: 2
    m_Bits: 4294967295
  m_RenderingPath: -1
  m_TargetTexture: {fileID: 0}
  m_TargetDisplay: 0
  m_TargetEye: 3
  m_HDR: 1
  m_AllowMSAA: 1
  m_AllowDynamicResolution: 0
  m_ForceIntoRT: 0
  m_OcclusionCulling: 1
  m_StereoConvergence: 10
  m_StereoSeparation: 0.022
--- !u!4 &39644546
Transform:
  m_ObjectHideFlags: 0
  m_CorrespondingSourceObject: {fileID: 0}
  m_PrefabInstance: {fileID: 0}
  m_PrefabAsset: {fileID: 0}
  m_GameObject: {fileID: 39644543}
  m_LocalRotation: {x: -0, y: -0, z: -0, w: 1}
  m_LocalPosition: {x: 0, y: 0, z: 0}
  m_LocalScale: {x: 1, y: 1, z: 1}
  m_ConstrainProportionsScale: 0
  m_Children: []
  m_Father: {fileID: 1798444873}
  m_RootOrder: -1
  m_LocalEulerAnglesHint: {x: 0, y: 0, z: 0}
--- !u!114 &39644547
MonoBehaviour:
  m_ObjectHideFlags: 0
  m_CorrespondingSourceObject: {fileID: 0}
  m_PrefabInstance: {fileID: 0}
  m_PrefabAsset: {fileID: 0}
  m_GameObject: {fileID: 39644543}
  m_Enabled: 1
  m_EditorHideFlags: 0
  m_Script: {fileID: 11500000, guid: bf98dd1206224111a38765365e98e207, type: 3}
  m_Name: 
  m_EditorClassIdentifier: 
  lockCursorWhenFocusLocked: 1
  setCursorInvisibleWhenFocusLocked: 0
  maxGazeCollisionDistance: 10
  raycastLayerMasks:
  - serializedVersion: 2
    m_Bits: 4294967291
  stabilizer:
    storedStabilitySamples: 60
  gazeTransform: {fileID: 0}
  minHeadVelocityThreshold: 0.5
  maxHeadVelocityThreshold: 2
--- !u!114 &39644548
MonoBehaviour:
  m_ObjectHideFlags: 0
  m_CorrespondingSourceObject: {fileID: 0}
  m_PrefabInstance: {fileID: 0}
  m_PrefabAsset: {fileID: 0}
  m_GameObject: {fileID: 39644543}
  m_Enabled: 1
  m_EditorHideFlags: 0
  m_Script: {fileID: 11500000, guid: 7a21b486d0bb44444b1418aaa38b44de, type: 3}
  m_Name: 
  m_EditorClassIdentifier: 
  m_HorizontalAxis: Horizontal
  m_VerticalAxis: Vertical
  m_SubmitButton: Submit
  m_CancelButton: Cancel
  m_InputActionsPerSecond: 10
  m_RepeatDelay: 0.5
  m_ForceModuleActive: 0
--- !u!114 &39644549
MonoBehaviour:
  m_ObjectHideFlags: 0
  m_CorrespondingSourceObject: {fileID: 0}
  m_PrefabInstance: {fileID: 0}
  m_PrefabAsset: {fileID: 0}
  m_GameObject: {fileID: 39644543}
  m_Enabled: 1
  m_EditorHideFlags: 0
  m_Script: {fileID: 11500000, guid: 76c392e42b5098c458856cdf6ecaaaa1, type: 3}
  m_Name: 
  m_EditorClassIdentifier: 
  m_FirstSelected: {fileID: 0}
  m_sendNavigationEvents: 1
  m_DragThreshold: 10
--- !u!114 &142128942
MonoBehaviour:
  m_ObjectHideFlags: 0
  m_CorrespondingSourceObject: {fileID: 0}
  m_PrefabInstance: {fileID: 0}
  m_PrefabAsset: {fileID: 0}
  m_GameObject: {fileID: 0}
  m_Enabled: 1
  m_EditorHideFlags: 0
  m_Script: {fileID: 11500000, guid: 4ae6b815054539c4cbce3013daf8f276, type: 3}
  m_Name: 
  m_EditorClassIdentifier: 
  proximityEffectActive: 0
  objectMediumProximity: 0.1
  objectCloseProximity: 0.03
  farScale: 0
  mediumScale: 1
  closeScale: 1.5
  farGrowRate: 0.3
  mediumGrowRate: 0.2
  closeGrowRate: 0.3
--- !u!1001 &208129687
PrefabInstance:
  m_ObjectHideFlags: 0
  serializedVersion: 2
  m_Modification:
    serializedVersion: 2
    m_TransformParent: {fileID: 0}
    m_Modifications:
    - target: {fileID: 277021452963295588, guid: 88586ad49c144a14695ecab6882c1c46, type: 3}
      propertyPath: m_textAlignment
      value: 65535
      objectReference: {fileID: 0}
    - target: {fileID: 277021452963295588, guid: 88586ad49c144a14695ecab6882c1c46, type: 3}
      propertyPath: m_TextStyleHashCode
      value: -1183493901
      objectReference: {fileID: 0}
    - target: {fileID: 277021452963295588, guid: 88586ad49c144a14695ecab6882c1c46, type: 3}
      propertyPath: m_VerticalAlignment
      value: 512
      objectReference: {fileID: 0}
    - target: {fileID: 277021452963295588, guid: 88586ad49c144a14695ecab6882c1c46, type: 3}
      propertyPath: m_HorizontalAlignment
      value: 2
      objectReference: {fileID: 0}
    - target: {fileID: 2015213609325464733, guid: 88586ad49c144a14695ecab6882c1c46, type: 3}
      propertyPath: profiles.Array.data[4].Target
      value: 
      objectReference: {fileID: 445968701}
    - target: {fileID: 2015213609325464733, guid: 88586ad49c144a14695ecab6882c1c46, type: 3}
      propertyPath: profiles.Array.data[4].Themes.Array.data[0]
      value: 
      objectReference: {fileID: 0}
    - target: {fileID: 6760813262120842631, guid: 88586ad49c144a14695ecab6882c1c46, type: 3}
      propertyPath: m_Mesh
      value: 
      objectReference: {fileID: 0}
    - target: {fileID: 8985933138729378366, guid: 88586ad49c144a14695ecab6882c1c46, type: 3}
      propertyPath: m_Name
      value: PressableButtonAppBar
      objectReference: {fileID: 0}
    - target: {fileID: 8985933139182662576, guid: 88586ad49c144a14695ecab6882c1c46, type: 3}
      propertyPath: m_Mesh
      value: 
      objectReference: {fileID: 0}
    - target: {fileID: 8985933139182662606, guid: 88586ad49c144a14695ecab6882c1c46, type: 3}
      propertyPath: m_textAlignment
      value: 65535
      objectReference: {fileID: 0}
    - target: {fileID: 8985933139182662606, guid: 88586ad49c144a14695ecab6882c1c46, type: 3}
      propertyPath: m_TextStyleHashCode
      value: -1183493901
      objectReference: {fileID: 0}
    - target: {fileID: 8985933139182662606, guid: 88586ad49c144a14695ecab6882c1c46, type: 3}
      propertyPath: m_VerticalAlignment
      value: 512
      objectReference: {fileID: 0}
    - target: {fileID: 8985933139182662606, guid: 88586ad49c144a14695ecab6882c1c46, type: 3}
      propertyPath: m_HorizontalAlignment
      value: 2
      objectReference: {fileID: 0}
    - target: {fileID: 8985933140323738847, guid: 88586ad49c144a14695ecab6882c1c46, type: 3}
      propertyPath: m_RootOrder
      value: 6
      objectReference: {fileID: 0}
    - target: {fileID: 8985933140323738847, guid: 88586ad49c144a14695ecab6882c1c46, type: 3}
      propertyPath: m_LocalPosition.x
      value: 0
      objectReference: {fileID: 0}
    - target: {fileID: 8985933140323738847, guid: 88586ad49c144a14695ecab6882c1c46, type: 3}
      propertyPath: m_LocalPosition.y
      value: 0
      objectReference: {fileID: 0}
    - target: {fileID: 8985933140323738847, guid: 88586ad49c144a14695ecab6882c1c46, type: 3}
      propertyPath: m_LocalPosition.z
      value: 0
      objectReference: {fileID: 0}
    - target: {fileID: 8985933140323738847, guid: 88586ad49c144a14695ecab6882c1c46, type: 3}
      propertyPath: m_LocalRotation.w
      value: 1
      objectReference: {fileID: 0}
    - target: {fileID: 8985933140323738847, guid: 88586ad49c144a14695ecab6882c1c46, type: 3}
      propertyPath: m_LocalRotation.x
      value: -0
      objectReference: {fileID: 0}
    - target: {fileID: 8985933140323738847, guid: 88586ad49c144a14695ecab6882c1c46, type: 3}
      propertyPath: m_LocalRotation.y
      value: -0
      objectReference: {fileID: 0}
    - target: {fileID: 8985933140323738847, guid: 88586ad49c144a14695ecab6882c1c46, type: 3}
      propertyPath: m_LocalRotation.z
      value: -0
      objectReference: {fileID: 0}
    - target: {fileID: 8985933140323738847, guid: 88586ad49c144a14695ecab6882c1c46, type: 3}
      propertyPath: m_LocalEulerAnglesHint.x
      value: 0
      objectReference: {fileID: 0}
    - target: {fileID: 8985933140323738847, guid: 88586ad49c144a14695ecab6882c1c46, type: 3}
      propertyPath: m_LocalEulerAnglesHint.y
      value: 0
      objectReference: {fileID: 0}
    - target: {fileID: 8985933140323738847, guid: 88586ad49c144a14695ecab6882c1c46, type: 3}
      propertyPath: m_LocalEulerAnglesHint.z
      value: 0
      objectReference: {fileID: 0}
    m_RemovedComponents: []
    m_AddedGameObjects: []
  m_SourcePrefab: {fileID: 100100000, guid: 88586ad49c144a14695ecab6882c1c46, type: 3}
--- !u!1 &445968701
GameObject:
  m_ObjectHideFlags: 0
  m_CorrespondingSourceObject: {fileID: 0}
  m_PrefabInstance: {fileID: 0}
  m_PrefabAsset: {fileID: 0}
  serializedVersion: 6
  m_Component:
  - component: {fileID: 445968705}
  - component: {fileID: 445968704}
  - component: {fileID: 445968703}
  - component: {fileID: 445968702}
  - component: {fileID: 445968708}
  - component: {fileID: 445968707}
  - component: {fileID: 445968706}
  m_Layer: 0
  m_Name: Cube
  m_TagString: Untagged
  m_Icon: {fileID: 0}
  m_NavMeshLayer: 0
  m_StaticEditorFlags: 0
  m_IsActive: 1
--- !u!65 &445968702
BoxCollider:
  m_ObjectHideFlags: 0
  m_CorrespondingSourceObject: {fileID: 0}
  m_PrefabInstance: {fileID: 0}
  m_PrefabAsset: {fileID: 0}
  m_GameObject: {fileID: 445968701}
  m_Material: {fileID: 0}
  m_IsTrigger: 0
  m_Enabled: 1
  serializedVersion: 2
  m_Size: {x: 1, y: 1, z: 1}
  m_Center: {x: 0, y: 0, z: 0}
--- !u!23 &445968703
MeshRenderer:
  m_ObjectHideFlags: 0
  m_CorrespondingSourceObject: {fileID: 0}
  m_PrefabInstance: {fileID: 0}
  m_PrefabAsset: {fileID: 0}
  m_GameObject: {fileID: 445968701}
  m_Enabled: 1
  m_CastShadows: 1
  m_ReceiveShadows: 1
  m_DynamicOccludee: 1
  m_StaticShadowCaster: 0
  m_MotionVectors: 1
  m_LightProbeUsage: 1
  m_ReflectionProbeUsage: 1
  m_RayTracingMode: 2
  m_RayTraceProcedural: 0
  m_RenderingLayerMask: 1
  m_RendererPriority: 0
  m_Materials:
  - {fileID: 10303, guid: 0000000000000000f000000000000000, type: 0}
  m_StaticBatchInfo:
    firstSubMesh: 0
    subMeshCount: 0
  m_StaticBatchRoot: {fileID: 0}
  m_ProbeAnchor: {fileID: 0}
  m_LightProbeVolumeOverride: {fileID: 0}
  m_ScaleInLightmap: 1
  m_ReceiveGI: 1
  m_PreserveUVs: 0
  m_IgnoreNormalsForChartDetection: 0
  m_ImportantGI: 0
  m_StitchLightmapSeams: 1
  m_SelectedEditorRenderState: 3
  m_MinimumChartSize: 4
  m_AutoUVMaxDistance: 0.5
  m_AutoUVMaxAngle: 89
  m_LightmapParameters: {fileID: 0}
  m_SortingLayerID: 0
  m_SortingLayer: 0
  m_SortingOrder: 0
  m_AdditionalVertexStreams: {fileID: 0}
--- !u!33 &445968704
MeshFilter:
  m_ObjectHideFlags: 0
  m_CorrespondingSourceObject: {fileID: 0}
  m_PrefabInstance: {fileID: 0}
  m_PrefabAsset: {fileID: 0}
  m_GameObject: {fileID: 445968701}
  m_Mesh: {fileID: 10202, guid: 0000000000000000e000000000000000, type: 0}
--- !u!4 &445968705
Transform:
  m_ObjectHideFlags: 0
  m_CorrespondingSourceObject: {fileID: 0}
  m_PrefabInstance: {fileID: 0}
  m_PrefabAsset: {fileID: 0}
  m_GameObject: {fileID: 445968701}
  m_LocalRotation: {x: -0.25595033, y: 0.07219028, z: -0.26168218, w: 0.9277934}
  m_LocalPosition: {x: 0.00000003102975, y: 1.24, z: 6.61}
  m_LocalScale: {x: 1, y: 1, z: 1}
  m_ConstrainProportionsScale: 0
  m_Children: []
  m_Father: {fileID: 0}
  m_RootOrder: 5
  m_LocalEulerAnglesHint: {x: -25.923, y: 17.33, z: -35.52}
--- !u!114 &445968706
MonoBehaviour:
  m_ObjectHideFlags: 0
  m_CorrespondingSourceObject: {fileID: 0}
  m_PrefabInstance: {fileID: 0}
  m_PrefabAsset: {fileID: 0}
  m_GameObject: {fileID: 445968701}
  m_Enabled: 1
  m_EditorHideFlags: 0
  m_Script: {fileID: 11500000, guid: 820f94d57893bf843a0cd6d93313fe6d, type: 3}
  m_Name: 
  m_EditorClassIdentifier: 
  handType: 3
  proximityType: 3
  executionOrder: 0
  scaleMinimum: 0.2
  scaleMaximum: 2
  relativeToInitialState: 1
--- !u!114 &445968707
MonoBehaviour:
  m_ObjectHideFlags: 0
  m_CorrespondingSourceObject: {fileID: 0}
  m_PrefabInstance: {fileID: 0}
  m_PrefabAsset: {fileID: 0}
  m_GameObject: {fileID: 445968701}
  m_Enabled: 1
  m_EditorHideFlags: 0
  m_Script: {fileID: 11500000, guid: 8200a044a5affb843ba856b902d9fd3c, type: 3}
  m_Name: 
  m_EditorClassIdentifier: 
  targetObject: {fileID: 445968701}
  boundsOverride: {fileID: 445968702}
  boundsCalculationMethod: 0
  activation: 4
  flattenAxis: 0
  uniformScaleOnFlattenedAxis: 1
  boxPadding: {x: 0, y: 0, z: 0}
  boxDisplayConfiguration: {fileID: 1951284938}
  linksConfiguration: {fileID: 969027355}
  scaleHandlesConfiguration: {fileID: 1837840633}
  rotationHandlesConfiguration: {fileID: 1553322096}
  translationHandlesConfiguration: {fileID: 0}
  handleProximityEffectConfiguration: {fileID: 142128942}
  hideElementsInInspector: 1
  smoothingActive: 0
  rotateLerpTime: 0.001
  scaleLerpTime: 0.001
  translateLerpTime: 0.001
  enableConstraints: 1
  constraintsManager: {fileID: 445968708}
  rotateStarted:
    m_PersistentCalls:
      m_Calls: []
  rotateStopped:
    m_PersistentCalls:
      m_Calls: []
  scaleStarted:
    m_PersistentCalls:
      m_Calls: []
  scaleStopped:
    m_PersistentCalls:
      m_Calls: []
  translateStarted:
    m_PersistentCalls:
      m_Calls: []
  translateStopped:
    m_PersistentCalls:
      m_Calls: []
  elasticsManager: {fileID: 0}
--- !u!114 &445968708
MonoBehaviour:
  m_ObjectHideFlags: 0
  m_CorrespondingSourceObject: {fileID: 0}
  m_PrefabInstance: {fileID: 0}
  m_PrefabAsset: {fileID: 0}
  m_GameObject: {fileID: 445968701}
  m_Enabled: 1
  m_EditorHideFlags: 0
  m_Script: {fileID: 11500000, guid: a98de877dee5fc341b4eb59dfdab266c, type: 3}
  m_Name: 
  m_EditorClassIdentifier: 
  autoConstraintSelection: 1
  selectedConstraints: []
--- !u!1 &664265644
GameObject:
  m_ObjectHideFlags: 0
  m_CorrespondingSourceObject: {fileID: 0}
  m_PrefabInstance: {fileID: 0}
  m_PrefabAsset: {fileID: 0}
  serializedVersion: 6
  m_Component:
  - component: {fileID: 664265646}
  - component: {fileID: 664265645}
  m_Layer: 0
  m_Name: MixedRealityToolkit
  m_TagString: Untagged
  m_Icon: {fileID: 0}
  m_NavMeshLayer: 0
  m_StaticEditorFlags: 0
  m_IsActive: 1
--- !u!114 &664265645
MonoBehaviour:
  m_ObjectHideFlags: 0
  m_CorrespondingSourceObject: {fileID: 0}
  m_PrefabInstance: {fileID: 0}
  m_PrefabAsset: {fileID: 0}
  m_GameObject: {fileID: 664265644}
  m_Enabled: 1
  m_EditorHideFlags: 0
  m_Script: {fileID: 11500000, guid: 83d9acc7968244a8886f3af591305bcb, type: 3}
  m_Name: 
  m_EditorClassIdentifier: 
  activeProfile: {fileID: 11400000, guid: 31a611a779d3499e8e35f1a2018ca841, type: 2}
--- !u!4 &664265646
Transform:
  m_ObjectHideFlags: 0
  m_CorrespondingSourceObject: {fileID: 0}
  m_PrefabInstance: {fileID: 0}
  m_PrefabAsset: {fileID: 0}
  m_GameObject: {fileID: 664265644}
  m_LocalRotation: {x: 0, y: 0, z: 0, w: 1}
  m_LocalPosition: {x: 0, y: 0, z: 0}
  m_LocalScale: {x: 1, y: 1, z: 1}
  m_ConstrainProportionsScale: 0
  m_Children: []
  m_Father: {fileID: 0}
  m_RootOrder: 1
  m_LocalEulerAnglesHint: {x: 0, y: 0, z: 0}
--- !u!1 &824514820
GameObject:
  m_ObjectHideFlags: 0
  m_CorrespondingSourceObject: {fileID: 0}
  m_PrefabInstance: {fileID: 0}
  m_PrefabAsset: {fileID: 0}
  serializedVersion: 6
  m_Component:
  - component: {fileID: 824514822}
  - component: {fileID: 824514821}
  m_Layer: 0
  m_Name: MixedRealitySceneContent
  m_TagString: Untagged
  m_Icon: {fileID: 0}
  m_NavMeshLayer: 0
  m_StaticEditorFlags: 0
  m_IsActive: 1
--- !u!114 &824514821
MonoBehaviour:
  m_ObjectHideFlags: 0
  m_CorrespondingSourceObject: {fileID: 0}
  m_PrefabInstance: {fileID: 0}
  m_PrefabAsset: {fileID: 0}
  m_GameObject: {fileID: 824514820}
  m_Enabled: 1
  m_EditorHideFlags: 0
  m_Script: {fileID: 11500000, guid: c65c9dd2f312b8d41b8849d58e1053fa, type: 3}
  m_Name: 
  m_EditorClassIdentifier: 
  alignmentType: 0
  containerObject: {fileID: 0}
--- !u!4 &824514822
Transform:
  m_ObjectHideFlags: 0
  m_CorrespondingSourceObject: {fileID: 0}
  m_PrefabInstance: {fileID: 0}
  m_PrefabAsset: {fileID: 0}
  m_GameObject: {fileID: 824514820}
  m_LocalRotation: {x: 0, y: 0, z: 0, w: 1}
  m_LocalPosition: {x: 0, y: 0, z: 0}
  m_LocalScale: {x: 1, y: 1, z: 1}
  m_ConstrainProportionsScale: 0
  m_Children: []
  m_Father: {fileID: 0}
  m_RootOrder: 3
  m_LocalEulerAnglesHint: {x: 0, y: 0, z: 0}
--- !u!1001 &883975055
PrefabInstance:
  m_ObjectHideFlags: 0
  serializedVersion: 2
  m_Modification:
    serializedVersion: 2
    m_TransformParent: {fileID: 0}
    m_Modifications:
    - target: {fileID: 1275815092924048, guid: 83c02591e2867124181bcd3bcb65e288, type: 3}
      propertyPath: m_Name
      value: AppBar
      objectReference: {fileID: 0}
    - target: {fileID: 4773597359991020, guid: 83c02591e2867124181bcd3bcb65e288, type: 3}
      propertyPath: m_RootOrder
      value: 4
      objectReference: {fileID: 0}
    - target: {fileID: 4773597359991020, guid: 83c02591e2867124181bcd3bcb65e288, type: 3}
      propertyPath: m_LocalPosition.x
      value: 0
      objectReference: {fileID: 0}
    - target: {fileID: 4773597359991020, guid: 83c02591e2867124181bcd3bcb65e288, type: 3}
      propertyPath: m_LocalPosition.y
      value: 0
      objectReference: {fileID: 0}
    - target: {fileID: 4773597359991020, guid: 83c02591e2867124181bcd3bcb65e288, type: 3}
      propertyPath: m_LocalPosition.z
      value: 0.26
      objectReference: {fileID: 0}
    - target: {fileID: 4773597359991020, guid: 83c02591e2867124181bcd3bcb65e288, type: 3}
      propertyPath: m_LocalRotation.w
      value: 1
      objectReference: {fileID: 0}
    - target: {fileID: 4773597359991020, guid: 83c02591e2867124181bcd3bcb65e288, type: 3}
      propertyPath: m_LocalRotation.x
      value: 0
      objectReference: {fileID: 0}
    - target: {fileID: 4773597359991020, guid: 83c02591e2867124181bcd3bcb65e288, type: 3}
      propertyPath: m_LocalRotation.y
      value: 0
      objectReference: {fileID: 0}
    - target: {fileID: 4773597359991020, guid: 83c02591e2867124181bcd3bcb65e288, type: 3}
      propertyPath: m_LocalRotation.z
      value: 0
      objectReference: {fileID: 0}
    - target: {fileID: 4773597359991020, guid: 83c02591e2867124181bcd3bcb65e288, type: 3}
      propertyPath: m_LocalEulerAnglesHint.x
      value: 0
      objectReference: {fileID: 0}
    - target: {fileID: 4773597359991020, guid: 83c02591e2867124181bcd3bcb65e288, type: 3}
      propertyPath: m_LocalEulerAnglesHint.y
      value: 0
      objectReference: {fileID: 0}
    - target: {fileID: 4773597359991020, guid: 83c02591e2867124181bcd3bcb65e288, type: 3}
      propertyPath: m_LocalEulerAnglesHint.z
      value: 0
      objectReference: {fileID: 0}
    - target: {fileID: 114050950401502068, guid: 83c02591e2867124181bcd3bcb65e288, type: 3}
      propertyPath: boundingBox
      value: 
      objectReference: {fileID: 445968708}
    - target: {fileID: 889928218802616676, guid: 83c02591e2867124181bcd3bcb65e288, type: 3}
      propertyPath: m_Mesh
      value: 
      objectReference: {fileID: 0}
    - target: {fileID: 3260291378575425325, guid: 83c02591e2867124181bcd3bcb65e288, type: 3}
      propertyPath: m_textAlignment
      value: 65535
      objectReference: {fileID: 0}
    - target: {fileID: 3260291378575425325, guid: 83c02591e2867124181bcd3bcb65e288, type: 3}
      propertyPath: m_TextStyleHashCode
      value: -1183493901
      objectReference: {fileID: 0}
    - target: {fileID: 3260291378575425325, guid: 83c02591e2867124181bcd3bcb65e288, type: 3}
      propertyPath: m_VerticalAlignment
      value: 512
      objectReference: {fileID: 0}
    - target: {fileID: 3260291378575425325, guid: 83c02591e2867124181bcd3bcb65e288, type: 3}
      propertyPath: m_HorizontalAlignment
      value: 2
      objectReference: {fileID: 0}
    - target: {fileID: 3260291378575425363, guid: 83c02591e2867124181bcd3bcb65e288, type: 3}
      propertyPath: m_Mesh
      value: 
      objectReference: {fileID: 0}
    - target: {fileID: 3379613107513021181, guid: 83c02591e2867124181bcd3bcb65e288, type: 3}
      propertyPath: m_textAlignment
      value: 65535
      objectReference: {fileID: 0}
    - target: {fileID: 3379613107513021181, guid: 83c02591e2867124181bcd3bcb65e288, type: 3}
      propertyPath: m_TextStyleHashCode
      value: -1183493901
      objectReference: {fileID: 0}
    - target: {fileID: 3379613107513021181, guid: 83c02591e2867124181bcd3bcb65e288, type: 3}
      propertyPath: m_VerticalAlignment
      value: 512
      objectReference: {fileID: 0}
    - target: {fileID: 3379613107513021181, guid: 83c02591e2867124181bcd3bcb65e288, type: 3}
      propertyPath: m_HorizontalAlignment
      value: 2
      objectReference: {fileID: 0}
    - target: {fileID: 3379613107725524330, guid: 83c02591e2867124181bcd3bcb65e288, type: 3}
      propertyPath: m_textAlignment
      value: 65535
      objectReference: {fileID: 0}
    - target: {fileID: 3379613107725524330, guid: 83c02591e2867124181bcd3bcb65e288, type: 3}
      propertyPath: m_TextStyleHashCode
      value: -1183493901
      objectReference: {fileID: 0}
    - target: {fileID: 3379613107725524330, guid: 83c02591e2867124181bcd3bcb65e288, type: 3}
      propertyPath: m_VerticalAlignment
      value: 512
      objectReference: {fileID: 0}
    - target: {fileID: 3379613107725524330, guid: 83c02591e2867124181bcd3bcb65e288, type: 3}
      propertyPath: m_HorizontalAlignment
      value: 2
      objectReference: {fileID: 0}
    - target: {fileID: 3379613108195223346, guid: 83c02591e2867124181bcd3bcb65e288, type: 3}
      propertyPath: m_textAlignment
      value: 65535
      objectReference: {fileID: 0}
    - target: {fileID: 3379613108195223346, guid: 83c02591e2867124181bcd3bcb65e288, type: 3}
      propertyPath: m_TextStyleHashCode
      value: -1183493901
      objectReference: {fileID: 0}
    - target: {fileID: 3379613108195223346, guid: 83c02591e2867124181bcd3bcb65e288, type: 3}
      propertyPath: m_VerticalAlignment
      value: 512
      objectReference: {fileID: 0}
    - target: {fileID: 3379613108195223346, guid: 83c02591e2867124181bcd3bcb65e288, type: 3}
      propertyPath: m_HorizontalAlignment
      value: 2
      objectReference: {fileID: 0}
    - target: {fileID: 3379613108518374441, guid: 83c02591e2867124181bcd3bcb65e288, type: 3}
      propertyPath: m_textAlignment
      value: 65535
      objectReference: {fileID: 0}
    - target: {fileID: 3379613108518374441, guid: 83c02591e2867124181bcd3bcb65e288, type: 3}
      propertyPath: m_TextStyleHashCode
      value: -1183493901
      objectReference: {fileID: 0}
    - target: {fileID: 3379613108518374441, guid: 83c02591e2867124181bcd3bcb65e288, type: 3}
      propertyPath: m_VerticalAlignment
      value: 512
      objectReference: {fileID: 0}
    - target: {fileID: 3379613108518374441, guid: 83c02591e2867124181bcd3bcb65e288, type: 3}
      propertyPath: m_HorizontalAlignment
      value: 2
      objectReference: {fileID: 0}
    - target: {fileID: 5875670466231783465, guid: 83c02591e2867124181bcd3bcb65e288, type: 3}
      propertyPath: m_Mesh
      value: 
      objectReference: {fileID: 0}
    - target: {fileID: 5875670466231783511, guid: 83c02591e2867124181bcd3bcb65e288, type: 3}
      propertyPath: m_textAlignment
      value: 65535
      objectReference: {fileID: 0}
    - target: {fileID: 5875670466231783511, guid: 83c02591e2867124181bcd3bcb65e288, type: 3}
      propertyPath: m_TextStyleHashCode
      value: -1183493901
      objectReference: {fileID: 0}
    - target: {fileID: 5875670466231783511, guid: 83c02591e2867124181bcd3bcb65e288, type: 3}
      propertyPath: m_VerticalAlignment
      value: 512
      objectReference: {fileID: 0}
    - target: {fileID: 5875670466231783511, guid: 83c02591e2867124181bcd3bcb65e288, type: 3}
      propertyPath: m_HorizontalAlignment
      value: 2
      objectReference: {fileID: 0}
    - target: {fileID: 5875670467076251582, guid: 83c02591e2867124181bcd3bcb65e288, type: 3}
      propertyPath: m_Mesh
      value: 
      objectReference: {fileID: 0}
    - target: {fileID: 5875670467076251584, guid: 83c02591e2867124181bcd3bcb65e288, type: 3}
      propertyPath: m_textAlignment
      value: 65535
      objectReference: {fileID: 0}
    - target: {fileID: 5875670467076251584, guid: 83c02591e2867124181bcd3bcb65e288, type: 3}
      propertyPath: m_TextStyleHashCode
      value: -1183493901
      objectReference: {fileID: 0}
    - target: {fileID: 5875670467076251584, guid: 83c02591e2867124181bcd3bcb65e288, type: 3}
      propertyPath: m_VerticalAlignment
      value: 512
      objectReference: {fileID: 0}
    - target: {fileID: 5875670467076251584, guid: 83c02591e2867124181bcd3bcb65e288, type: 3}
      propertyPath: m_HorizontalAlignment
      value: 2
      objectReference: {fileID: 0}
    - target: {fileID: 5875670467222916739, guid: 83c02591e2867124181bcd3bcb65e288, type: 3}
      propertyPath: m_textAlignment
      value: 65535
      objectReference: {fileID: 0}
    - target: {fileID: 5875670467222916739, guid: 83c02591e2867124181bcd3bcb65e288, type: 3}
      propertyPath: m_TextStyleHashCode
      value: -1183493901
      objectReference: {fileID: 0}
    - target: {fileID: 5875670467222916739, guid: 83c02591e2867124181bcd3bcb65e288, type: 3}
      propertyPath: m_VerticalAlignment
      value: 512
      objectReference: {fileID: 0}
    - target: {fileID: 5875670467222916739, guid: 83c02591e2867124181bcd3bcb65e288, type: 3}
      propertyPath: m_HorizontalAlignment
      value: 2
      objectReference: {fileID: 0}
    - target: {fileID: 5875670467222916861, guid: 83c02591e2867124181bcd3bcb65e288, type: 3}
      propertyPath: m_Mesh
      value: 
      objectReference: {fileID: 0}
    - target: {fileID: 5875670467545949592, guid: 83c02591e2867124181bcd3bcb65e288, type: 3}
      propertyPath: m_textAlignment
      value: 65535
      objectReference: {fileID: 0}
    - target: {fileID: 5875670467545949592, guid: 83c02591e2867124181bcd3bcb65e288, type: 3}
      propertyPath: m_TextStyleHashCode
      value: -1183493901
      objectReference: {fileID: 0}
    - target: {fileID: 5875670467545949592, guid: 83c02591e2867124181bcd3bcb65e288, type: 3}
      propertyPath: m_VerticalAlignment
      value: 512
      objectReference: {fileID: 0}
    - target: {fileID: 5875670467545949592, guid: 83c02591e2867124181bcd3bcb65e288, type: 3}
      propertyPath: m_HorizontalAlignment
      value: 2
      objectReference: {fileID: 0}
    - target: {fileID: 5875670467545949670, guid: 83c02591e2867124181bcd3bcb65e288, type: 3}
      propertyPath: m_Mesh
      value: 
      objectReference: {fileID: 0}
    - target: {fileID: 5932013269696855431, guid: 83c02591e2867124181bcd3bcb65e288, type: 3}
      propertyPath: m_textAlignment
      value: 65535
      objectReference: {fileID: 0}
    - target: {fileID: 5932013269696855431, guid: 83c02591e2867124181bcd3bcb65e288, type: 3}
      propertyPath: m_TextStyleHashCode
      value: -1183493901
      objectReference: {fileID: 0}
    - target: {fileID: 5932013269696855431, guid: 83c02591e2867124181bcd3bcb65e288, type: 3}
      propertyPath: m_VerticalAlignment
      value: 512
      objectReference: {fileID: 0}
    - target: {fileID: 5932013269696855431, guid: 83c02591e2867124181bcd3bcb65e288, type: 3}
      propertyPath: m_HorizontalAlignment
      value: 2
      objectReference: {fileID: 0}
    - target: {fileID: 8137400254997111761, guid: 83c02591e2867124181bcd3bcb65e288, type: 3}
      propertyPath: m_Mesh
      value: 
      objectReference: {fileID: 0}
    - target: {fileID: 8137400255244241098, guid: 83c02591e2867124181bcd3bcb65e288, type: 3}
      propertyPath: m_Mesh
      value: 
      objectReference: {fileID: 0}
    - target: {fileID: 8137400256400528926, guid: 83c02591e2867124181bcd3bcb65e288, type: 3}
      propertyPath: m_Mesh
      value: 
      objectReference: {fileID: 0}
    - target: {fileID: 8137400256674896265, guid: 83c02591e2867124181bcd3bcb65e288, type: 3}
      propertyPath: m_Mesh
      value: 
      objectReference: {fileID: 0}
    m_RemovedComponents: []
    m_AddedGameObjects: []
  m_SourcePrefab: {fileID: 100100000, guid: 83c02591e2867124181bcd3bcb65e288, type: 3}
--- !u!114 &969027355
MonoBehaviour:
  m_ObjectHideFlags: 0
  m_CorrespondingSourceObject: {fileID: 0}
  m_PrefabInstance: {fileID: 0}
  m_PrefabAsset: {fileID: 0}
  m_GameObject: {fileID: 0}
  m_Enabled: 1
  m_EditorHideFlags: 0
  m_Script: {fileID: 11500000, guid: b80d41f9007c4b948b0808690195e77c, type: 3}
  m_Name: 
  m_EditorClassIdentifier: 
  wireframeMaterial: {fileID: 0}
  wireframeEdgeRadius: 0.001
  wireframeShape: 0
  showWireframe: 1
--- !u!114 &1553322096
MonoBehaviour:
  m_ObjectHideFlags: 0
  m_CorrespondingSourceObject: {fileID: 0}
  m_PrefabInstance: {fileID: 0}
  m_PrefabAsset: {fileID: 0}
  m_GameObject: {fileID: 0}
  m_Enabled: 1
  m_EditorHideFlags: 0
  m_Script: {fileID: 11500000, guid: 36981d974b5546a4cbfa0b4bfa0c0ecb, type: 3}
  m_Name: 
  m_EditorClassIdentifier: 
  handleMaterial: {fileID: 0}
  handleGrabbedMaterial: {fileID: 0}
  handlePrefab: {fileID: 0}
  handleSize: 0.016
  colliderPadding: {x: 0.016, y: 0.016, z: 0.016}
  drawTetherWhenManipulating: 1
  handlesIgnoreCollider: {fileID: 0}
  handlePrefabColliderType: 1
  showHandleForX: 1
  showHandleForY: 1
  showHandleForZ: 1
--- !u!1 &1778539791
GameObject:
  m_ObjectHideFlags: 0
  m_CorrespondingSourceObject: {fileID: 0}
  m_PrefabInstance: {fileID: 0}
  m_PrefabAsset: {fileID: 0}
  serializedVersion: 6
  m_Component:
  - component: {fileID: 1778539793}
  - component: {fileID: 1778539792}
  m_Layer: 0
  m_Name: Directional Light
  m_TagString: Untagged
  m_Icon: {fileID: 0}
  m_NavMeshLayer: 0
  m_StaticEditorFlags: 0
  m_IsActive: 1
--- !u!108 &1778539792
Light:
  m_ObjectHideFlags: 0
  m_CorrespondingSourceObject: {fileID: 0}
  m_PrefabInstance: {fileID: 0}
  m_PrefabAsset: {fileID: 0}
  m_GameObject: {fileID: 1778539791}
  m_Enabled: 1
  serializedVersion: 10
  m_Type: 1
  m_Shape: 0
  m_Color: {r: 1, g: 0.95686275, b: 0.8392157, a: 1}
  m_Intensity: 1
  m_Range: 10
  m_SpotAngle: 30
  m_InnerSpotAngle: 21.80208
  m_CookieSize: 10
  m_Shadows:
    m_Type: 2
    m_Resolution: -1
    m_CustomResolution: -1
    m_Strength: 1
    m_Bias: 0.05
    m_NormalBias: 0.4
    m_NearPlane: 0.2
    m_CullingMatrixOverride:
      e00: 1
      e01: 0
      e02: 0
      e03: 0
      e10: 0
      e11: 1
      e12: 0
      e13: 0
      e20: 0
      e21: 0
      e22: 1
      e23: 0
      e30: 0
      e31: 0
      e32: 0
      e33: 1
    m_UseCullingMatrixOverride: 0
  m_Cookie: {fileID: 0}
  m_DrawHalo: 0
  m_Flare: {fileID: 0}
  m_RenderMode: 0
  m_CullingMask:
    serializedVersion: 2
    m_Bits: 4294967295
  m_RenderingLayerMask: 1
  m_Lightmapping: 4
  m_LightShadowCasterMode: 0
  m_AreaSize: {x: 1, y: 1}
  m_BounceIntensity: 1
  m_ColorTemperature: 6570
  m_UseColorTemperature: 0
  m_BoundingSphereOverride: {x: 0, y: 0, z: 0, w: 0}
  m_UseBoundingSphereOverride: 0
  m_UseViewFrustumForShadowCasterCull: 1
  m_ShadowRadius: 0
  m_ShadowAngle: 0
--- !u!4 &1778539793
Transform:
  m_ObjectHideFlags: 0
  m_CorrespondingSourceObject: {fileID: 0}
  m_PrefabInstance: {fileID: 0}
  m_PrefabAsset: {fileID: 0}
  m_GameObject: {fileID: 1778539791}
  m_LocalRotation: {x: 0.40821788, y: -0.23456968, z: 0.10938163, w: 0.8754261}
  m_LocalPosition: {x: 0, y: 3, z: 0}
  m_LocalScale: {x: 1, y: 1, z: 1}
  m_ConstrainProportionsScale: 0
  m_Children: []
  m_Father: {fileID: 0}
  m_RootOrder: 0
  m_LocalEulerAnglesHint: {x: 50, y: -30, z: 0}
--- !u!1 &1798444872
GameObject:
  m_ObjectHideFlags: 0
  m_CorrespondingSourceObject: {fileID: 0}
  m_PrefabInstance: {fileID: 0}
  m_PrefabAsset: {fileID: 0}
  serializedVersion: 6
  m_Component:
  - component: {fileID: 1798444873}
  m_Layer: 0
  m_Name: MixedRealityPlayspace
  m_TagString: Untagged
  m_Icon: {fileID: 0}
  m_NavMeshLayer: 0
  m_StaticEditorFlags: 0
  m_IsActive: 1
--- !u!4 &1798444873
Transform:
  m_ObjectHideFlags: 0
  m_CorrespondingSourceObject: {fileID: 0}
  m_PrefabInstance: {fileID: 0}
  m_PrefabAsset: {fileID: 0}
  m_GameObject: {fileID: 1798444872}
  m_LocalRotation: {x: 0, y: 0, z: 0, w: 1}
  m_LocalPosition: {x: 0, y: 0, z: 0}
  m_LocalScale: {x: 1, y: 1, z: 1}
  m_ConstrainProportionsScale: 0
  m_Children:
  - {fileID: 39644546}
  m_Father: {fileID: 0}
  m_RootOrder: 2
  m_LocalEulerAnglesHint: {x: 0, y: 0, z: 0}
--- !u!114 &1837840633
MonoBehaviour:
  m_ObjectHideFlags: 0
  m_CorrespondingSourceObject: {fileID: 0}
  m_PrefabInstance: {fileID: 0}
  m_PrefabAsset: {fileID: 0}
  m_GameObject: {fileID: 0}
  m_Enabled: 1
  m_EditorHideFlags: 0
  m_Script: {fileID: 11500000, guid: a0d3e2fcd636d0243820f1bebf6e167b, type: 3}
  m_Name: 
  m_EditorClassIdentifier: 
  handleMaterial: {fileID: 0}
  handleGrabbedMaterial: {fileID: 0}
  handlePrefab: {fileID: 0}
  handleSize: 0.016
  colliderPadding: {x: 0.016, y: 0.016, z: 0.016}
  drawTetherWhenManipulating: 1
  handlesIgnoreCollider: {fileID: 0}
  handleSlatePrefab: {fileID: 0}
  showScaleHandles: 1
  scaleBehavior: 0
--- !u!114 &1951284938
MonoBehaviour:
  m_ObjectHideFlags: 0
  m_CorrespondingSourceObject: {fileID: 0}
  m_PrefabInstance: {fileID: 0}
  m_PrefabAsset: {fileID: 0}
  m_GameObject: {fileID: 0}
  m_Enabled: 1
  m_EditorHideFlags: 0
  m_Script: {fileID: 11500000, guid: 240d9483db94993408ff1d02335ea212, type: 3}
  m_Name: 
  m_EditorClassIdentifier: 
  boxMaterial: {fileID: 0}
  boxGrabbedMaterial: {fileID: 0}
  flattenAxisDisplayScale: 0
